<record><leader>00000cas a22000007a 4500</leader><controlfield tag="001">18688393</controlfield><controlfield tag="008">881029d19111935txudr ne      0    0eng d</controlfield><controlfield tag="009">6576</controlfield><datafield ind1=" " ind2=" " tag="010"><subfield code="a">sn 88084292 </subfield></datafield><datafield ind1=" " ind2=" " tag="040"><subfield code="a">PPM</subfield><subfield code="b">eng</subfield><subfield code="c">PPM</subfield><subfield code="d">DLC</subfield><subfield code="d">OCL</subfield><subfield code="d">OCLCQ</subfield></datafield><datafield ind1=" " ind2=" " tag="019"><subfield code="a">14944716</subfield><subfield code="a">14944807</subfield></datafield><datafield ind1="1" ind2=" " tag="029"><subfield code="a">AU@</subfield><subfield code="b">000025807966</subfield></datafield><datafield ind1=" " ind2=" " tag="042"><subfield code="a">msc</subfield></datafield><datafield ind1="0" ind2="0" tag="245"><subfield code="a">Sweetwater daily reporter.</subfield></datafield><datafield ind1="3" ind2="0" tag="246"><subfield code="a">Daily Sweetwater reporter</subfield></datafield><datafield ind1="3" ind2="0" tag="246"><subfield code="a">Daily reporter</subfield></datafield><datafield ind1=" " ind2=" " tag="260"><subfield code="a">Sweetwater, Tex. :</subfield><subfield code="b">Reporter Pub. Co.,</subfield><subfield code="c">1911-</subfield></datafield><datafield ind1=" " ind2=" " tag="310"><subfield code="a">Daily</subfield></datafield><datafield ind1="0" ind2=" " tag="362"><subfield code="a">Vol. 1, no. 1 (Feb. 14, 1911)-</subfield></datafield><datafield ind1="1" ind2=" " tag="362"><subfield code="a">Ceased July 5, 1935.</subfield></datafield><datafield ind1=" " ind2=" " tag="500"><subfield code="a">Title varies slightly.</subfield></datafield><datafield ind1=" " ind2=" " tag="752"><subfield code="a">United States</subfield><subfield code="b">Texas</subfield><subfield code="c">Nolan</subfield><subfield code="d">Sweetwater.</subfield></datafield><datafield ind1="0" ind2=" " tag="775"><subfield code="t">Sweetwater weekly reporter</subfield><subfield code="w">(DLC)sn 86090311</subfield></datafield><datafield ind1="0" ind2="0" tag="785"><subfield code="t">Sweetwater reporter (Sweetwater, Tex. : 1935)</subfield><subfield code="w">(OCoLC)14396347</subfield></datafield></record>